
@inproceedings{DBLP:conf/date/MadhukarSWKM15,
  author    = {Kumar Madhukar and
               Mandayam K. Srivas and
               Bj{\"{o}}rn Wachter and
               Daniel Kroening and
               Ravindra Metta},
  title     = {Verifying synchronous reactive systems using lazy abstraction},
  booktitle = {Proceedings of the 2015 Design, Automation {\&} Test in Europe Conference
               {\&} Exhibition, {DATE} 2015, Grenoble, France, March 9-13, 2015},
  pages     = {1571--1574},
  year      = {2015},
  crossref  = {DBLP:conf/date/2015},
  url       = {http://dl.acm.org/citation.cfm?id=2757175},
  timestamp = {Thu, 05 Nov 2015 13:50:36 +0100},
  biburl    = {http://dblp.uni-trier.de/rec/bib/conf/date/MadhukarSWKM15},
  bibsource = {dblp computer science bibliography, http://dblp.org}
}

@proceedings{DBLP:conf/date/2015,
  editor    = {Wolfgang Nebel and
               David Atienza},
  title     = {Proceedings of the 2015 Design, Automation {\&} Test in Europe Conference
               {\&} Exhibition, {DATE} 2015, Grenoble, France, March 9-13, 2015},
  publisher = {{ACM}},
  year      = {2015},
  url       = {http://dl.acm.org/citation.cfm?id=2755753},
  isbn      = {978-3-9815370-4-8},
  timestamp = {Tue, 28 Apr 2015 17:32:23 +0200},
  biburl    = {http://dblp.uni-trier.de/rec/bib/conf/date/2015},
  bibsource = {dblp computer science bibliography, http://dblp.org}
}


@inproceedings{DBLP:conf/fmcad/MadhukarWKLS15,
  author    = {Kumar Madhukar and
               Bj{\"{o}}rn Wachter and
               Daniel Kroening and
               Matt Lewis and
               Mandayam K. Srivas},
  title     = {Accelerating Invariant Generation},
  booktitle = {Formal Methods in Computer-Aided Design, {FMCAD} 2015, Austin, Texas,
               USA, September 27-30, 2015.},
  pages     = {105--111},
  year      = {2015},
  crossref  = {DBLP:conf/fmcad/2015},
  timestamp = {Thu, 07 Jan 2016 15:57:52 +0100},
  biburl    = {http://dblp.uni-trier.de/rec/bib/conf/fmcad/MadhukarWKLS15},
  bibsource = {dblp computer science bibliography, http://dblp.org}
}

@proceedings{DBLP:conf/fmcad/2015,
  editor    = {Roope Kaivola and
               Thomas Wahl},
  title     = {Formal Methods in Computer-Aided Design, {FMCAD} 2015, Austin, Texas,
               USA, September 27-30, 2015},
  publisher = {{IEEE}},
  year      = {2015},
  isbn      = {978-0-9835678-5-1},
  timestamp = {Thu, 07 Jan 2016 15:56:54 +0100},
  biburl    = {http://dblp.uni-trier.de/rec/bib/conf/fmcad/2015},
  bibsource = {dblp computer science bibliography, http://dblp.org}
}

